[gd_scene load_steps=13 format=3 uid="uid://bymd4beu8m67u"]

[ext_resource type="Script" path="res://player.gd" id="1_lhigx"]
[ext_resource type="Script" path="res://player_state.gd" id="2_0e2eg"]
[ext_resource type="Script" path="res://player_inputs.gd" id="3_vgxs5"]
[ext_resource type="Script" path="res://visual.gd" id="4_xp4kg"]
[ext_resource type="Material" uid="uid://de7hegflg6ubl" path="res://goblinskin.tres" id="5_yaijv"]
[ext_resource type="Script" path="res://projectile_pool.gd" id="6_bjhvy"]

[sub_resource type="CapsuleShape3D" id="CapsuleShape3D_mp0lf"]
radius = 0.33
height = 1.5

[sub_resource type="CapsuleMesh" id="CapsuleMesh_o53xl"]
material = ExtResource( "5_yaijv" )
radius = 0.2
height = 1.0

[sub_resource type="CapsuleMesh" id="CapsuleMesh_c00o2"]
material = ExtResource( "5_yaijv" )
radius = 0.05
height = 0.5

[sub_resource type="SphereMesh" id="SphereMesh_y3qkm"]
material = ExtResource( "5_yaijv" )
radius = 0.33
height = 0.5

[sub_resource type="PrismMesh" id="PrismMesh_7c26w"]
material = ExtResource( "5_yaijv" )
left_to_right = -0.2
size = Vector3(0.2, 0.2, 0.05)

[sub_resource type="SphereMesh" id="SphereMesh_4lipk"]
radius = 0.05
height = 0.1

[node name="Player" type="CharacterBody3D"]
script = ExtResource( "1_lhigx" )

[node name="CollisionShape3D" type="CollisionShape3D" parent="."]
shape = SubResource( "CapsuleShape3D_mp0lf" )

[node name="State" type="Node" parent="."]
script = ExtResource( "2_0e2eg" )

[node name="Inputs" type="Node" parent="."]
script = ExtResource( "3_vgxs5" )

[node name="Visual" type="Node3D" parent="."]
script = ExtResource( "4_xp4kg" )

[node name="MeshInstance3DBody" type="MeshInstance3D" parent="Visual"]
transform = Transform3D(1, 0, 0, 0, 1, 0, 0, 0, 1, 0, -0.251347, 0)
mesh = SubResource( "CapsuleMesh_o53xl" )

[node name="MeshInstance3DLeftArm" type="MeshInstance3D" parent="Visual/MeshInstance3DBody"]
transform = Transform3D(1, 0, 0, 0, 1, 0, 0, 0, 1, 0.269839, 0.128822, 0)
mesh = SubResource( "CapsuleMesh_c00o2" )

[node name="MeshInstance3DRightArm" type="MeshInstance3D" parent="Visual/MeshInstance3DBody"]
transform = Transform3D(1, 0, 0, 0, 1, 0, 0, 0, 1, -0.27, 0.129, 0)
mesh = SubResource( "CapsuleMesh_c00o2" )

[node name="MeshInstance3DHead" type="MeshInstance3D" parent="Visual"]
transform = Transform3D(1, 0, 0, 0, 1, 0, 0, 0, 1, 0, 0.457387, 0)
mesh = SubResource( "SphereMesh_y3qkm" )

[node name="MeshInstance3DNose" type="MeshInstance3D" parent="Visual/MeshInstance3DHead"]
transform = Transform3D(0, 0, 1, -0.462677, 0.886527, 0, -0.886527, -0.462677, 0, 0, -0.0170221, -0.376416)
mesh = SubResource( "PrismMesh_7c26w" )
skeleton = NodePath("../..")

[node name="MeshInstance3DLeftEye" type="MeshInstance3D" parent="Visual/MeshInstance3DHead"]
transform = Transform3D(1, 0, 0, 0, 1, 0, 0, 0, 1, 0.167412, 0.0852386, -0.299344)
mesh = SubResource( "SphereMesh_4lipk" )
skeleton = NodePath("../..")

[node name="MeshInstance3DRightEye" type="MeshInstance3D" parent="Visual/MeshInstance3DHead"]
transform = Transform3D(1, 0, 0, 0, 1, 0, 0, 0, 1, -0.167, 0.0856131, -0.299)
mesh = SubResource( "SphereMesh_4lipk" )
skeleton = NodePath("../..")

[node name="Camera3D" type="Camera3D" parent="Visual/MeshInstance3DHead"]
transform = Transform3D(1, 0, 0, 0, 1, 0, 0, 0, 1, 0, 0.164222, 0)

[node name="ProjectilePool" type="Node3D" parent="."]
top_level = true
script = ExtResource( "6_bjhvy" )
