[gd_scene load_steps=7 format=3 uid="uid://dq1mlxfmw14mt"]

[ext_resource type="Script" path="res://world.gd" id="1_fhmr2"]
[ext_resource type="Script" path="res://player_spawner.gd" id="2_ub6pn"]

[sub_resource type="BoxShape3D" id="BoxShape3D_tpimr"]
size = Vector3(0.5, 0.5, 0.5)

[sub_resource type="StandardMaterial3D" id="StandardMaterial3D_t48iv"]

[sub_resource type="WorldBoundaryShape3D" id="WorldBoundaryShape3D_r1rt7"]

[sub_resource type="StandardMaterial3D" id="StandardMaterial3D_manen"]
albedo_color = Color(0.494118, 0.396078, 0.172549, 1)

[node name="World" type="Node3D"]
script = ExtResource( "1_fhmr2" )

[node name="PlayerSpawner" type="MultiplayerSpawner" parent="."]
spawn_path = NodePath("../Players")
script = ExtResource( "2_ub6pn" )

[node name="Camera3D" type="Camera3D" parent="."]
transform = Transform3D(1, 0, 0, 0, 1, 0, 0, 0, 1, 0, 0.876466, 7.50395)

[node name="StaticBody3D" type="StaticBody3D" parent="."]
transform = Transform3D(1, 0, 0, 0, 1, 0, 0, 0, 1, 0, 0.25, -2.214)

[node name="CollisionShape3D" type="CollisionShape3D" parent="StaticBody3D"]
shape = SubResource( "BoxShape3D_tpimr" )

[node name="CSGBox3D" type="CSGBox3D" parent="StaticBody3D"]
size = Vector3(0.5, 0.5, 0.5)
material = SubResource( "StandardMaterial3D_t48iv" )

[node name="LabelPing" type="Label" parent="."]
offset_right = 40.0
offset_bottom = 23.0
text = "ping: 
"

[node name="Players" type="Node3D" parent="."]

[node name="Projectiles" type="Node3D" parent="."]

[node name="DirectionalLight3D" type="DirectionalLight3D" parent="."]
transform = Transform3D(0.918568, 0.244975, 0.310192, -0.39471, 0.609969, 0.687126, -0.0208785, -0.753608, 0.656992, 0, 0, 0)
shadow_enabled = true

[node name="StaticBody3D2" type="StaticBody3D" parent="."]

[node name="CollisionShape3D" type="CollisionShape3D" parent="StaticBody3D2"]
shape = SubResource( "WorldBoundaryShape3D_r1rt7" )

[node name="Ground" type="CSGBox3D" parent="StaticBody3D2"]
transform = Transform3D(1, 0, 0, 0, 1, 0, 0, 0, 1, 0, -0.5, 0)
size = Vector3(100, 1, 100)
material = SubResource( "StandardMaterial3D_manen" )
